%YAML 1.1
%TAG !u! tag:unity3d.com,2011:
--- !u!1 &7810638765180448163
GameObject:
  m_ObjectHideFlags: 0
  m_CorrespondingSourceObject: {fileID: 0}
  m_PrefabInstance: {fileID: 0}
  m_PrefabAsset: {fileID: 0}
  serializedVersion: 6
  m_Component:
  - component: {fileID: 4534937321848159863}
  m_Layer: 0
  m_Name: GreenCircleParent
  m_TagString: Untagged
  m_Icon: {fileID: 0}
  m_NavMeshLayer: 0
  m_StaticEditorFlags: 0
  m_IsActive: 1
--- !u!4 &4534937321848159863
Transform:
  m_ObjectHideFlags: 0
  m_CorrespondingSourceObject: {fileID: 0}
  m_PrefabInstance: {fileID: 0}
  m_PrefabAsset: {fileID: 0}
  m_GameObject: {fileID: 7810638765180448163}
  m_LocalRotation: {x: 0, y: 0, z: 0, w: 1}
  m_LocalPosition: {x: 0, y: 0, z: 0}
  m_LocalScale: {x: 1, y: 1, z: 1}
  m_Children:
  - {fileID: 4735534302489312500}
  - {fileID: 1300382196148785433}
  - {fileID: 2390671564244129230}
  - {fileID: 5244721425493188903}
  - {fileID: 889861811534128504}
  - {fileID: 6321248392076106784}
  m_Father: {fileID: 0}
  m_RootOrder: 0
  m_LocalEulerAnglesHint: {x: 0, y: 0, z: 0}
--- !u!1001 &2428163819621913992
PrefabInstance:
  m_ObjectHideFlags: 0
  serializedVersion: 2
  m_Modification:
    m_TransformParent: {fileID: 4534937321848159863}
    m_Modifications:
    - target: {fileID: 390484788707575948, guid: 23dc4b19e4fed2d41be2cc0c05b7cbec,
        type: 3}
      propertyPath: m_Name
      value: miniSphere (4)
      objectReference: {fileID: 0}
    - target: {fileID: 390484788707575948, guid: 23dc4b19e4fed2d41be2cc0c05b7cbec,
        type: 3}
      propertyPath: m_IsActive
      value: 0
      objectReference: {fileID: 0}
    - target: {fileID: 8505900889002838440, guid: 23dc4b19e4fed2d41be2cc0c05b7cbec,
        type: 3}
      propertyPath: m_LocalPosition.x
      value: 0
      objectReference: {fileID: 0}
    - target: {fileID: 8505900889002838440, guid: 23dc4b19e4fed2d41be2cc0c05b7cbec,
        type: 3}
      propertyPath: m_LocalPosition.y
      value: 0
      objectReference: {fileID: 0}
    - target: {fileID: 8505900889002838440, guid: 23dc4b19e4fed2d41be2cc0c05b7cbec,
        type: 3}
      propertyPath: m_LocalPosition.z
      value: 0
      objectReference: {fileID: 0}
    - target: {fileID: 8505900889002838440, guid: 23dc4b19e4fed2d41be2cc0c05b7cbec,
        type: 3}
      propertyPath: m_LocalRotation.x
      value: -0
      objectReference: {fileID: 0}
    - target: {fileID: 8505900889002838440, guid: 23dc4b19e4fed2d41be2cc0c05b7cbec,
        type: 3}
      propertyPath: m_LocalRotation.y
      value: -0
      objectReference: {fileID: 0}
    - target: {fileID: 8505900889002838440, guid: 23dc4b19e4fed2d41be2cc0c05b7cbec,
        type: 3}
      propertyPath: m_LocalRotation.z
      value: -0
      objectReference: {fileID: 0}
    - target: {fileID: 8505900889002838440, guid: 23dc4b19e4fed2d41be2cc0c05b7cbec,
        type: 3}
      propertyPath: m_LocalRotation.w
      value: 1
      objectReference: {fileID: 0}
    - target: {fileID: 8505900889002838440, guid: 23dc4b19e4fed2d41be2cc0c05b7cbec,
        type: 3}
      propertyPath: m_RootOrder
      value: 5
      objectReference: {fileID: 0}
    - target: {fileID: 8505900889002838440, guid: 23dc4b19e4fed2d41be2cc0c05b7cbec,
        type: 3}
      propertyPath: m_LocalEulerAnglesHint.x
      value: 0
      objectReference: {fileID: 0}
    - target: {fileID: 8505900889002838440, guid: 23dc4b19e4fed2d41be2cc0c05b7cbec,
        type: 3}
      propertyPath: m_LocalEulerAnglesHint.y
      value: 0
      objectReference: {fileID: 0}
    - target: {fileID: 8505900889002838440, guid: 23dc4b19e4fed2d41be2cc0c05b7cbec,
        type: 3}
      propertyPath: m_LocalEulerAnglesHint.z
      value: 0
      objectReference: {fileID: 0}
    m_RemovedComponents: []
  m_SourcePrefab: {fileID: 100100000, guid: 23dc4b19e4fed2d41be2cc0c05b7cbec, type: 3}
--- !u!1 &2655388723757112580 stripped
GameObject:
  m_CorrespondingSourceObject: {fileID: 390484788707575948, guid: 23dc4b19e4fed2d41be2cc0c05b7cbec,
    type: 3}
  m_PrefabInstance: {fileID: 2428163819621913992}
  m_PrefabAsset: {fileID: 0}
--- !u!4 &6321248392076106784 stripped
Transform:
  m_CorrespondingSourceObject: {fileID: 8505900889002838440, guid: 23dc4b19e4fed2d41be2cc0c05b7cbec,
    type: 3}
  m_PrefabInstance: {fileID: 2428163819621913992}
  m_PrefabAsset: {fileID: 0}
--- !u!1001 &4522732863247313039
PrefabInstance:
  m_ObjectHideFlags: 0
  serializedVersion: 2
  m_Modification:
    m_TransformParent: {fileID: 4534937321848159863}
    m_Modifications:
    - target: {fileID: 390484788707575948, guid: 23dc4b19e4fed2d41be2cc0c05b7cbec,
        type: 3}
      propertyPath: m_Name
      value: miniSphere (2)
      objectReference: {fileID: 0}
    - target: {fileID: 390484788707575948, guid: 23dc4b19e4fed2d41be2cc0c05b7cbec,
        type: 3}
      propertyPath: m_IsActive
      value: 0
      objectReference: {fileID: 0}
    - target: {fileID: 8505900889002838440, guid: 23dc4b19e4fed2d41be2cc0c05b7cbec,
        type: 3}
      propertyPath: m_LocalPosition.x
      value: 0
      objectReference: {fileID: 0}
    - target: {fileID: 8505900889002838440, guid: 23dc4b19e4fed2d41be2cc0c05b7cbec,
        type: 3}
      propertyPath: m_LocalPosition.y
      value: 0
      objectReference: {fileID: 0}
    - target: {fileID: 8505900889002838440, guid: 23dc4b19e4fed2d41be2cc0c05b7cbec,
        type: 3}
      propertyPath: m_LocalPosition.z
      value: 0
      objectReference: {fileID: 0}
    - target: {fileID: 8505900889002838440, guid: 23dc4b19e4fed2d41be2cc0c05b7cbec,
        type: 3}
      propertyPath: m_LocalRotation.x
      value: -0
      objectReference: {fileID: 0}
    - target: {fileID: 8505900889002838440, guid: 23dc4b19e4fed2d41be2cc0c05b7cbec,
        type: 3}
      propertyPath: m_LocalRotation.y
      value: -0
      objectReference: {fileID: 0}
    - target: {fileID: 8505900889002838440, guid: 23dc4b19e4fed2d41be2cc0c05b7cbec,
        type: 3}
      propertyPath: m_LocalRotation.z
      value: -0
      objectReference: {fileID: 0}
    - target: {fileID: 8505900889002838440, guid: 23dc4b19e4fed2d41be2cc0c05b7cbec,
        type: 3}
      propertyPath: m_LocalRotation.w
      value: 1
      objectReference: {fileID: 0}
    - target: {fileID: 8505900889002838440, guid: 23dc4b19e4fed2d41be2cc0c05b7cbec,
        type: 3}
      propertyPath: m_RootOrder
      value: 3
      objectReference: {fileID: 0}
    - target: {fileID: 8505900889002838440, guid: 23dc4b19e4fed2d41be2cc0c05b7cbec,
        type: 3}
      propertyPath: m_LocalEulerAnglesHint.x
      value: 0
      objectReference: {fileID: 0}
    - target: {fileID: 8505900889002838440, guid: 23dc4b19e4fed2d41be2cc0c05b7cbec,
        type: 3}
      propertyPath: m_LocalEulerAnglesHint.y
      value: 0
      objectReference: {fileID: 0}
    - target: {fileID: 8505900889002838440, guid: 23dc4b19e4fed2d41be2cc0c05b7cbec,
        type: 3}
      propertyPath: m_LocalEulerAnglesHint.z
      value: 0
      objectReference: {fileID: 0}
    m_RemovedComponents: []
  m_SourcePrefab: {fileID: 100100000, guid: 23dc4b19e4fed2d41be2cc0c05b7cbec, type: 3}
--- !u!1 &4298895074442125315 stripped
GameObject:
  m_CorrespondingSourceObject: {fileID: 390484788707575948, guid: 23dc4b19e4fed2d41be2cc0c05b7cbec,
    type: 3}
  m_PrefabInstance: {fileID: 4522732863247313039}
  m_PrefabAsset: {fileID: 0}
--- !u!4 &5244721425493188903 stripped
Transform:
  m_CorrespondingSourceObject: {fileID: 8505900889002838440, guid: 23dc4b19e4fed2d41be2cc0c05b7cbec,
    type: 3}
  m_PrefabInstance: {fileID: 4522732863247313039}
  m_PrefabAsset: {fileID: 0}
--- !u!1001 &6279804405602032742
PrefabInstance:
  m_ObjectHideFlags: 0
  serializedVersion: 2
  m_Modification:
    m_TransformParent: {fileID: 4534937321848159863}
    m_Modifications:
    - target: {fileID: 390484788707575948, guid: 23dc4b19e4fed2d41be2cc0c05b7cbec,
        type: 3}
      propertyPath: m_Name
      value: miniSphere (1)
      objectReference: {fileID: 0}
    - target: {fileID: 390484788707575948, guid: 23dc4b19e4fed2d41be2cc0c05b7cbec,
        type: 3}
      propertyPath: m_IsActive
      value: 0
      objectReference: {fileID: 0}
    - target: {fileID: 8505900889002838440, guid: 23dc4b19e4fed2d41be2cc0c05b7cbec,
        type: 3}
      propertyPath: m_LocalPosition.x
      value: 0
      objectReference: {fileID: 0}
    - target: {fileID: 8505900889002838440, guid: 23dc4b19e4fed2d41be2cc0c05b7cbec,
        type: 3}
      propertyPath: m_LocalPosition.y
      value: 0
      objectReference: {fileID: 0}
    - target: {fileID: 8505900889002838440, guid: 23dc4b19e4fed2d41be2cc0c05b7cbec,
        type: 3}
      propertyPath: m_LocalPosition.z
      value: 0
      objectReference: {fileID: 0}
    - target: {fileID: 8505900889002838440, guid: 23dc4b19e4fed2d41be2cc0c05b7cbec,
        type: 3}
      propertyPath: m_LocalRotation.x
      value: -0
      objectReference: {fileID: 0}
    - target: {fileID: 8505900889002838440, guid: 23dc4b19e4fed2d41be2cc0c05b7cbec,
        type: 3}
      propertyPath: m_LocalRotation.y
      value: -0
      objectReference: {fileID: 0}
    - target: {fileID: 8505900889002838440, guid: 23dc4b19e4fed2d41be2cc0c05b7cbec,
        type: 3}
      propertyPath: m_LocalRotation.z
      value: -0
      objectReference: {fileID: 0}
    - target: {fileID: 8505900889002838440, guid: 23dc4b19e4fed2d41be2cc0c05b7cbec,
        type: 3}
      propertyPath: m_LocalRotation.w
      value: 1
      objectReference: {fileID: 0}
    - target: {fileID: 8505900889002838440, guid: 23dc4b19e4fed2d41be2cc0c05b7cbec,
        type: 3}
      propertyPath: m_RootOrder
      value: 2
      objectReference: {fileID: 0}
    - target: {fileID: 8505900889002838440, guid: 23dc4b19e4fed2d41be2cc0c05b7cbec,
        type: 3}
      propertyPath: m_LocalEulerAnglesHint.x
      value: 0
      objectReference: {fileID: 0}
    - target: {fileID: 8505900889002838440, guid: 23dc4b19e4fed2d41be2cc0c05b7cbec,
        type: 3}
      propertyPath: m_LocalEulerAnglesHint.y
      value: 0
      objectReference: {fileID: 0}
    - target: {fileID: 8505900889002838440, guid: 23dc4b19e4fed2d41be2cc0c05b7cbec,
        type: 3}
      propertyPath: m_LocalEulerAnglesHint.z
      value: 0
      objectReference: {fileID: 0}
    m_RemovedComponents: []
  m_SourcePrefab: {fileID: 100100000, guid: 23dc4b19e4fed2d41be2cc0c05b7cbec, type: 3}
--- !u!1 &5930430427021726954 stripped
GameObject:
  m_CorrespondingSourceObject: {fileID: 390484788707575948, guid: 23dc4b19e4fed2d41be2cc0c05b7cbec,
    type: 3}
  m_PrefabInstance: {fileID: 6279804405602032742}
  m_PrefabAsset: {fileID: 0}
--- !u!4 &2390671564244129230 stripped
Transform:
  m_CorrespondingSourceObject: {fileID: 8505900889002838440, guid: 23dc4b19e4fed2d41be2cc0c05b7cbec,
    type: 3}
  m_PrefabInstance: {fileID: 6279804405602032742}
  m_PrefabAsset: {fileID: 0}
--- !u!1001 &7206011730672048305
PrefabInstance:
  m_ObjectHideFlags: 0
  serializedVersion: 2
  m_Modification:
    m_TransformParent: {fileID: 4534937321848159863}
    m_Modifications:
    - target: {fileID: 390484788707575948, guid: 23dc4b19e4fed2d41be2cc0c05b7cbec,
        type: 3}
      propertyPath: m_Name
      value: miniSphere
      objectReference: {fileID: 0}
    - target: {fileID: 390484788707575948, guid: 23dc4b19e4fed2d41be2cc0c05b7cbec,
        type: 3}
      propertyPath: m_IsActive
      value: 0
      objectReference: {fileID: 0}
    - target: {fileID: 8505900889002838440, guid: 23dc4b19e4fed2d41be2cc0c05b7cbec,
        type: 3}
      propertyPath: m_LocalPosition.x
      value: 0
      objectReference: {fileID: 0}
    - target: {fileID: 8505900889002838440, guid: 23dc4b19e4fed2d41be2cc0c05b7cbec,
        type: 3}
      propertyPath: m_LocalPosition.y
      value: 0
      objectReference: {fileID: 0}
    - target: {fileID: 8505900889002838440, guid: 23dc4b19e4fed2d41be2cc0c05b7cbec,
        type: 3}
      propertyPath: m_LocalPosition.z
      value: 0
      objectReference: {fileID: 0}
    - target: {fileID: 8505900889002838440, guid: 23dc4b19e4fed2d41be2cc0c05b7cbec,
        type: 3}
      propertyPath: m_LocalRotation.x
      value: -0
      objectReference: {fileID: 0}
    - target: {fileID: 8505900889002838440, guid: 23dc4b19e4fed2d41be2cc0c05b7cbec,
        type: 3}
      propertyPath: m_LocalRotation.y
      value: -0
      objectReference: {fileID: 0}
    - target: {fileID: 8505900889002838440, guid: 23dc4b19e4fed2d41be2cc0c05b7cbec,
        type: 3}
      propertyPath: m_LocalRotation.z
      value: -0
      objectReference: {fileID: 0}
    - target: {fileID: 8505900889002838440, guid: 23dc4b19e4fed2d41be2cc0c05b7cbec,
        type: 3}
      propertyPath: m_LocalRotation.w
      value: 1
      objectReference: {fileID: 0}
    - target: {fileID: 8505900889002838440, guid: 23dc4b19e4fed2d41be2cc0c05b7cbec,
        type: 3}
      propertyPath: m_RootOrder
      value: 1
      objectReference: {fileID: 0}
    - target: {fileID: 8505900889002838440, guid: 23dc4b19e4fed2d41be2cc0c05b7cbec,
        type: 3}
      propertyPath: m_LocalEulerAnglesHint.x
      value: 0
      objectReference: {fileID: 0}
    - target: {fileID: 8505900889002838440, guid: 23dc4b19e4fed2d41be2cc0c05b7cbec,
        type: 3}
      propertyPath: m_LocalEulerAnglesHint.y
      value: 0
      objectReference: {fileID: 0}
    - target: {fileID: 8505900889002838440, guid: 23dc4b19e4fed2d41be2cc0c05b7cbec,
        type: 3}
      propertyPath: m_LocalEulerAnglesHint.z
      value: 0
      objectReference: {fileID: 0}
    m_RemovedComponents: []
  m_SourcePrefab: {fileID: 100100000, guid: 23dc4b19e4fed2d41be2cc0c05b7cbec, type: 3}
--- !u!1 &7019883277483413565 stripped
GameObject:
  m_CorrespondingSourceObject: {fileID: 390484788707575948, guid: 23dc4b19e4fed2d41be2cc0c05b7cbec,
    type: 3}
  m_PrefabInstance: {fileID: 7206011730672048305}
  m_PrefabAsset: {fileID: 0}
--- !u!4 &1300382196148785433 stripped
Transform:
  m_CorrespondingSourceObject: {fileID: 8505900889002838440, guid: 23dc4b19e4fed2d41be2cc0c05b7cbec,
    type: 3}
  m_PrefabInstance: {fileID: 7206011730672048305}
  m_PrefabAsset: {fileID: 0}
--- !u!1001 &7251282597433296509
PrefabInstance:
  m_ObjectHideFlags: 0
  serializedVersion: 2
  m_Modification:
    m_TransformParent: {fileID: 4534937321848159863}
    m_Modifications:
    - target: {fileID: 2969994705075615209, guid: 33fa30b09132f7d4ca6284bfe28f7443,
        type: 3}
      propertyPath: m_Name
      value: GreenCircle
      objectReference: {fileID: 0}
    - target: {fileID: 2969994705075615209, guid: 33fa30b09132f7d4ca6284bfe28f7443,
        type: 3}
      propertyPath: m_IsActive
      value: 1
      objectReference: {fileID: 0}
    - target: {fileID: 1534671236641307191, guid: 33fa30b09132f7d4ca6284bfe28f7443,
        type: 3}
      propertyPath: circleEffects.Array.size
      value: 5
      objectReference: {fileID: 0}
    - target: {fileID: 1534671236641307191, guid: 33fa30b09132f7d4ca6284bfe28f7443,
        type: 3}
      propertyPath: circleEffects.Array.data[0]
      value: 
      objectReference: {fileID: 7019883277483413565}
    - target: {fileID: 1534671236641307191, guid: 33fa30b09132f7d4ca6284bfe28f7443,
        type: 3}
      propertyPath: circleEffects.Array.data[1]
      value: 
      objectReference: {fileID: 5930430427021726954}
    - target: {fileID: 1534671236641307191, guid: 33fa30b09132f7d4ca6284bfe28f7443,
        type: 3}
      propertyPath: circleEffects.Array.data[2]
      value: 
      objectReference: {fileID: 4298895074442125315}
    - target: {fileID: 1534671236641307191, guid: 33fa30b09132f7d4ca6284bfe28f7443,
        type: 3}
      propertyPath: circleEffects.Array.data[3]
      value: 
      objectReference: {fileID: 9167407479939081308}
    - target: {fileID: 1534671236641307191, guid: 33fa30b09132f7d4ca6284bfe28f7443,
        type: 3}
      propertyPath: circleEffects.Array.data[4]
      value: 
      objectReference: {fileID: 2655388723757112580}
    - target: {fileID: 2672398478217755273, guid: 33fa30b09132f7d4ca6284bfe28f7443,
        type: 3}
      propertyPath: m_LocalPosition.x
      value: 0
      objectReference: {fileID: 0}
    - target: {fileID: 2672398478217755273, guid: 33fa30b09132f7d4ca6284bfe28f7443,
        type: 3}
      propertyPath: m_LocalPosition.y
      value: 0
      objectReference: {fileID: 0}
    - target: {fileID: 2672398478217755273, guid: 33fa30b09132f7d4ca6284bfe28f7443,
        type: 3}
      propertyPath: m_LocalPosition.z
      value: 0
      objectReference: {fileID: 0}
    - target: {fileID: 2672398478217755273, guid: 33fa30b09132f7d4ca6284bfe28f7443,
        type: 3}
      propertyPath: m_LocalRotation.x
      value: -0
      objectReference: {fileID: 0}
    - target: {fileID: 2672398478217755273, guid: 33fa30b09132f7d4ca6284bfe28f7443,
        type: 3}
      propertyPath: m_LocalRotation.y
      value: -0
      objectReference: {fileID: 0}
    - target: {fileID: 2672398478217755273, guid: 33fa30b09132f7d4ca6284bfe28f7443,
        type: 3}
      propertyPath: m_LocalRotation.z
      value: -0
      objectReference: {fileID: 0}
    - target: {fileID: 2672398478217755273, guid: 33fa30b09132f7d4ca6284bfe28f7443,
        type: 3}
      propertyPath: m_LocalRotation.w
      value: 1
      objectReference: {fileID: 0}
    - target: {fileID: 2672398478217755273, guid: 33fa30b09132f7d4ca6284bfe28f7443,
        type: 3}
      propertyPath: m_RootOrder
      value: 0
      objectReference: {fileID: 0}
    - target: {fileID: 2672398478217755273, guid: 33fa30b09132f7d4ca6284bfe28f7443,
        type: 3}
      propertyPath: m_LocalEulerAnglesHint.x
      value: 0
      objectReference: {fileID: 0}
    - target: {fileID: 2672398478217755273, guid: 33fa30b09132f7d4ca6284bfe28f7443,
        type: 3}
      propertyPath: m_LocalEulerAnglesHint.y
      value: 0
      objectReference: {fileID: 0}
    - target: {fileID: 2672398478217755273, guid: 33fa30b09132f7d4ca6284bfe28f7443,
        type: 3}
      propertyPath: m_LocalEulerAnglesHint.z
      value: 0
      objectReference: {fileID: 0}
    m_RemovedComponents: []
  m_SourcePrefab: {fileID: 100100000, guid: 33fa30b09132f7d4ca6284bfe28f7443, type: 3}
--- !u!4 &4735534302489312500 stripped
Transform:
  m_CorrespondingSourceObject: {fileID: 2672398478217755273, guid: 33fa30b09132f7d4ca6284bfe28f7443,
    type: 3}
  m_PrefabInstance: {fileID: 7251282597433296509}
  m_PrefabAsset: {fileID: 0}
--- !u!1001 &8814225414208416976
PrefabInstance:
  m_ObjectHideFlags: 0
  serializedVersion: 2
  m_Modification:
    m_TransformParent: {fileID: 4534937321848159863}
    m_Modifications:
    - target: {fileID: 390484788707575948, guid: 23dc4b19e4fed2d41be2cc0c05b7cbec,
        type: 3}
      propertyPath: m_Name
      value: miniSphere (3)
      objectReference: {fileID: 0}
    - target: {fileID: 390484788707575948, guid: 23dc4b19e4fed2d41be2cc0c05b7cbec,
        type: 3}
      propertyPath: m_IsActive
      value: 0
      objectReference: {fileID: 0}
    - target: {fileID: 8505900889002838440, guid: 23dc4b19e4fed2d41be2cc0c05b7cbec,
        type: 3}
      propertyPath: m_LocalPosition.x
      value: 0
      objectReference: {fileID: 0}
    - target: {fileID: 8505900889002838440, guid: 23dc4b19e4fed2d41be2cc0c05b7cbec,
        type: 3}
      propertyPath: m_LocalPosition.y
      value: 0
      objectReference: {fileID: 0}
    - target: {fileID: 8505900889002838440, guid: 23dc4b19e4fed2d41be2cc0c05b7cbec,
        type: 3}
      propertyPath: m_LocalPosition.z
      value: 0
      objectReference: {fileID: 0}
    - target: {fileID: 8505900889002838440, guid: 23dc4b19e4fed2d41be2cc0c05b7cbec,
        type: 3}
      propertyPath: m_LocalRotation.x
      value: -0
      objectReference: {fileID: 0}
    - target: {fileID: 8505900889002838440, guid: 23dc4b19e4fed2d41be2cc0c05b7cbec,
        type: 3}
      propertyPath: m_LocalRotation.y
      value: -0
      objectReference: {fileID: 0}
    - target: {fileID: 8505900889002838440, guid: 23dc4b19e4fed2d41be2cc0c05b7cbec,
        type: 3}
      propertyPath: m_LocalRotation.z
      value: -0
      objectReference: {fileID: 0}
    - target: {fileID: 8505900889002838440, guid: 23dc4b19e4fed2d41be2cc0c05b7cbec,
        type: 3}
      propertyPath: m_LocalRotation.w
      value: 1
      objectReference: {fileID: 0}
    - target: {fileID: 8505900889002838440, guid: 23dc4b19e4fed2d41be2cc0c05b7cbec,
        type: 3}
      propertyPath: m_RootOrder
      value: 4
      objectReference: {fileID: 0}
    - target: {fileID: 8505900889002838440, guid: 23dc4b19e4fed2d41be2cc0c05b7cbec,
        type: 3}
      propertyPath: m_LocalEulerAnglesHint.x
      value: 0
      objectReference: {fileID: 0}
    - target: {fileID: 8505900889002838440, guid: 23dc4b19e4fed2d41be2cc0c05b7cbec,
        type: 3}
      propertyPath: m_LocalEulerAnglesHint.y
      value: 0
      objectReference: {fileID: 0}
    - target: {fileID: 8505900889002838440, guid: 23dc4b19e4fed2d41be2cc0c05b7cbec,
        type: 3}
      propertyPath: m_LocalEulerAnglesHint.z
      value: 0
      objectReference: {fileID: 0}
    m_RemovedComponents: []
  m_SourcePrefab: {fileID: 100100000, guid: 23dc4b19e4fed2d41be2cc0c05b7cbec, type: 3}
--- !u!1 &9167407479939081308 stripped
GameObject:
  m_CorrespondingSourceObject: {fileID: 390484788707575948, guid: 23dc4b19e4fed2d41be2cc0c05b7cbec,
    type: 3}
  m_PrefabInstance: {fileID: 8814225414208416976}
  m_PrefabAsset: {fileID: 0}
--- !u!4 &889861811534128504 stripped
Transform:
  m_CorrespondingSourceObject: {fileID: 8505900889002838440, guid: 23dc4b19e4fed2d41be2cc0c05b7cbec,
    type: 3}
  m_PrefabInstance: {fileID: 8814225414208416976}
  m_PrefabAsset: {fileID: 0}
